<record><leader>00000cas a2200000 a 4500</leader><controlfield tag="001">9307710</controlfield><controlfield tag="008">830314d18741907iluwr ne      0   a0eng  </controlfield><datafield ind1=" " ind2=" " tag="010"><subfield code="a">sn 82016390 </subfield></datafield><datafield ind1=" " ind2=" " tag="040"><subfield code="a">DLC</subfield><subfield code="b">eng</subfield><subfield code="c">DLC</subfield><subfield code="d">NPV</subfield><subfield code="d">OCL</subfield><subfield code="d">NPX</subfield><subfield code="d">NPY</subfield><subfield code="d">UNP</subfield><subfield code="d">NPT</subfield><subfield code="d">UNP</subfield><subfield code="d">DLC</subfield><subfield code="d">NPV</subfield><subfield code="d">NVF</subfield><subfield code="d">CRL</subfield><subfield code="d">NVF</subfield><subfield code="d">CVF</subfield><subfield code="d">TGN</subfield><subfield code="d">NVF</subfield><subfield code="d">CGU</subfield><subfield code="d">CUI</subfield><subfield code="d">OCLCQ</subfield><subfield code="d">OCLCF</subfield><subfield code="d">OCLCO</subfield><subfield code="d">CUS</subfield><subfield code="d">DLC</subfield></datafield><datafield ind1=" " ind2=" " tag="019"><subfield code="a">10459583</subfield></datafield><datafield ind1="0" ind2=" " tag="022"><subfield code="a">2575-2448</subfield><subfield code="2">1</subfield></datafield><datafield ind1=" " ind2=" " tag="042"><subfield code="a">pcc</subfield><subfield code="a">nsdp</subfield></datafield><datafield ind1=" " ind2=" " tag="043"><subfield code="a">n-us-il</subfield></datafield><datafield ind1="0" ind2="0" tag="050"><subfield code="a">Newspaper 7574-X</subfield></datafield><datafield ind1=" " ind2="4" tag="050"><subfield code="a">AN</subfield></datafield><datafield ind1=" " ind2="4" tag="222"><subfield code="a">The weekly inter ocean</subfield></datafield><datafield ind1="0" ind2="4" tag="245"><subfield code="a">The weekly inter ocean.</subfield></datafield><datafield ind1="3" ind2=" " tag="246"><subfield code="a">Inter ocean</subfield><subfield code="f">&lt;Feb. 21, 1884&gt;</subfield></datafield><datafield ind1=" " ind2=" " tag="260"><subfield code="a">Chicago, Ill. :</subfield><subfield code="b">Inter Ocean Pub. Co.,</subfield><subfield code="c">1874-</subfield></datafield><datafield ind1=" " ind2=" " tag="300"><subfield code="a">v.</subfield></datafield><datafield ind1=" " ind2=" " tag="310"><subfield code="a">Weekly</subfield></datafield><datafield ind1="0" ind2=" " tag="362"><subfield code="a">New ser., vol. 2, no. 52 (Mar. 26, 1874)-</subfield></datafield><datafield ind1="1" ind2=" " tag="362"><subfield code="a">Ceased in 1907.</subfield></datafield><datafield ind1=" " ind2=" " tag="515"><subfield code="a">Issues for &lt;Apr. 12, 1877&gt;-July 14, 1891 called also whole no. &lt;263&gt;-978.</subfield></datafield><datafield ind1=" " ind2=" " tag="580"><subfield code="a">Daily eds.: Inter ocean (Chicago, Ill. : 1872), 1874-1879, and: Daily inter ocean (Chicago, Ill.), 1879-1902, and: Inter ocean (Chicago, Ill. : 1902), 1902-1907.</subfield></datafield><datafield ind1=" " ind2=" " tag="580"><subfield code="a">Semiweekly ed.: Semi-weekly inter ocean, &lt;1875-1893&gt;.</subfield></datafield><datafield ind1=" " ind2=" " tag="588"><subfield code="a">Latest issue consulted: Feb. 27, 1907.</subfield></datafield><datafield ind1=" " ind2="0" tag="651"><subfield code="a">Chicago (Ill.)</subfield><subfield code="v">Newspapers.</subfield></datafield><datafield ind1=" " ind2="0" tag="651"><subfield code="a">Cook County (Ill.)</subfield><subfield code="v">Newspapers.</subfield></datafield><datafield ind1=" " ind2="7" tag="651"><subfield code="a">Illinois</subfield><subfield code="z">Chicago.</subfield><subfield code="2">fast</subfield><subfield code="0">(OCoLC)fst01204048</subfield></datafield><datafield ind1=" " ind2="7" tag="651"><subfield code="a">Illinois</subfield><subfield code="z">Cook County.</subfield><subfield code="2">fast</subfield><subfield code="0">(OCoLC)fst01205334</subfield></datafield><datafield ind1=" " ind2="7" tag="655"><subfield code="a">Newspapers.</subfield><subfield code="2">fast</subfield><subfield code="0">(OCoLC)fst01423814</subfield></datafield><datafield ind1=" " ind2=" " tag="752"><subfield code="a">United States</subfield><subfield code="b">Illinois</subfield><subfield code="c">Cook</subfield><subfield code="d">Chicago.</subfield></datafield><datafield ind1="1" ind2=" " tag="775"><subfield code="t">Inter ocean (Chicago, Ill. : 1872)</subfield><subfield code="w">(DLC)sn 83045109</subfield><subfield code="w">(OCoLC)9316238</subfield></datafield><datafield ind1="1" ind2=" " tag="775"><subfield code="t">Daily inter ocean (Chicago, Ill.)</subfield><subfield code="w">(DLC)sn 85038321</subfield><subfield code="w">(OCoLC)12305135</subfield></datafield><datafield ind1="1" ind2=" " tag="775"><subfield code="t">Inter ocean (Chicago, Ill. : 1902)</subfield><subfield code="w">(DLC)sn 85038322</subfield><subfield code="w">(OCoLC)12037461</subfield></datafield><datafield ind1="1" ind2=" " tag="775"><subfield code="t">Semi-weekly inter ocean</subfield><subfield code="w">(DLC)sn 82016467</subfield><subfield code="w">(OCoLC)9347218</subfield></datafield><datafield ind1="0" ind2="8" tag="776"><subfield code="i">Microfilm version:</subfield><subfield code="t">Weekly inter ocean</subfield><subfield code="w">(OCoLC)558876272</subfield></datafield><datafield ind1="0" ind2="8" tag="776"><subfield code="i">Online version:</subfield><subfield code="t">Weekly inter ocean</subfield><subfield code="w">(OCoLC)192107567</subfield></datafield><datafield ind1="0" ind2="0" tag="780"><subfield code="t">Inter ocean (Chicago, Ill. : Weekly)</subfield><subfield code="w">(DLC)sn 84038751</subfield><subfield code="w">(OCoLC)11486543</subfield></datafield><datafield ind1="0" ind2="0" tag="785"><subfield code="t">Weekly inter ocean and farmer</subfield><subfield code="w">(DLC)sn 86063848</subfield><subfield code="w">(OCoLC)13573121</subfield></datafield><datafield ind1="4" ind2="1" tag="856"><subfield code="3">09/18/1879 to 10/30/1879</subfield><subfield code="u">http://infoweb.newsbank.com/?db=EANX&amp;s_browseRef=decades/11675201D5ADA308/all.xml</subfield></datafield><datafield ind1="1" ind2=" " tag="029"><subfield code="a">AU@</subfield><subfield code="b">000020394374</subfield></datafield></record>